<record xmlns="http://www.loc.gov/MARC21/slim" xmlns:xsi="http://www.w3.org/2001/XMLSchema-instance" xsi:schemaLocation="http://www.loc.gov/MARC21/slim http://www.loc.gov/standards/marcxml/schema/MARC21slim.xsd"><leader>01936nam a2200397   4500</leader><controlfield tag="001">001756710</controlfield><controlfield tag="003">NNU</controlfield><controlfield tag="006">m        d        </controlfield><controlfield tag="007">cr cn |||m|||a</controlfield><controlfield tag="008">150110s1889    le      o     000 0 ara d</controlfield><datafield ind1=" " ind2=" " tag="040"><subfield code="a">NNU</subfield><subfield code="b">eng</subfield><subfield code="c">NNU</subfield></datafield><datafield ind1=" " ind2="4" tag="050"><subfield code="a">PJ6111</subfield><subfield code="b">.Y3</subfield></datafield><datafield ind1=" " ind2=" " tag="066"><subfield code="c">(3</subfield></datafield><datafield ind1=" " ind2=" " tag="090"><subfield code="a">PJ6111</subfield><subfield code="b">.Y3n</subfield></datafield><datafield ind1="1" ind2=" " tag="100"><subfield code="6">880-01</subfield><subfield code="a">Y&#257;zij&#299;, N&#257;&#7779;&#299;f,</subfield><subfield code="d">1800-1871</subfield></datafield><datafield ind1="1" ind2="0" tag="240"><subfield code="6">880-02</subfield><subfield code="a">Jum&#257;nah f&#299; shar&#7717; al-Khiz&#257;nah</subfield></datafield><datafield ind1="1" ind2="0" tag="245"><subfield code="6">880-03</subfield><subfield code="a">Kit&#257;b al-jum&#257;nah f&#299; shar&#7717; al-khiz&#257;nah</subfield><subfield code="h">[electronic resource] /</subfield><subfield code="c">ta&#700;l&#299;f N&#257;&#7779;&#299;f al-Y&#257;zij&#299; al-L&#363;bn&#257;n&#299; ; mukhta&#7779;ar bi-qalam waladihi Ibr&#257;h&#299;m al-Y&#257;zij&#299; al-L&#363;bn&#257;n&#299;.</subfield></datafield><datafield ind1=" " ind2=" " tag="260"><subfield code="6">880-04</subfield><subfield code="a">Bayr&#363;t :</subfield><subfield code="b">al-Ma&#7789;ba&#699;ah al-Adab&#299;yah,</subfield><subfield code="c">1889.</subfield></datafield><datafield ind1=" " ind2=" " tag="300"><subfield code="a">online resource (113 p.)</subfield></datafield><datafield ind1=" " ind2=" " tag="500"><subfield code="a">Includes errata page.</subfield></datafield><datafield ind1=" " ind2=" " tag="500"><subfield code="a">Part of the Arabic Collections Online (ACO) project, contributed by New York Univeristy Libraries.</subfield></datafield><datafield ind1=" " ind2=" " tag="533"><subfield code="a">Electronic reproduction.</subfield><subfield code="b">New York, N.Y. :</subfield><subfield code="c">New York University,</subfield><subfield code="d">2015.</subfield><subfield code="5">NNU</subfield></datafield><datafield ind1=" " ind2="0" tag="650"><subfield code="a">Arabic language</subfield><subfield code="x">Word formation.</subfield></datafield><datafield ind1=" " ind2="0" tag="650"><subfield code="a">Arabic language</subfield><subfield code="x">Morphology.</subfield></datafield><datafield ind1="1" ind2=" " tag="700"><subfield code="6">880-05</subfield><subfield code="a">Y&#257;zij&#299;, Ibr&#257;h&#299;m,</subfield><subfield code="d">1847-1906</subfield></datafield><datafield ind1="2" ind2=" " tag="710"><subfield code="a">New York University.</subfield><subfield code="b">Libraries.</subfield></datafield><datafield ind1="0" ind2=" " tag="730"><subfield code="a">Arabic Collections Online.</subfield></datafield><datafield ind1="0" ind2="8" tag="776"><subfield code="i">Print version:</subfield><subfield code="a">Y&#257;zij&#299;, N&#257;&#7779;&#299;f, 1800-1871 880-01</subfield><subfield code="t">Kit&#257;b al-jum&#257;nah f&#299; shar&#7717; al-khiz&#257;nah</subfield><subfield code="w">(NNU)001756710</subfield></datafield><datafield ind1="4" ind2="0" tag="856"><subfield code="u">http://hdl.handle.net/2333.1/2547d9n9</subfield></datafield><datafield ind1="1" ind2=" " tag="880"><subfield code="6">100-01/</subfield><subfield code="a">&#1610;&#1575;&#1586;&#1580;&#1609;&#1548; &#1606;&#1575;&#1589;&#1610;&#1601;.</subfield></datafield><datafield ind1="1" ind2="0" tag="880"><subfield code="6">240-02/</subfield><subfield code="a">&#1580;&#1605;&#1575;&#1606;&#1577; &#1601;&#1609; &#1588;&#1585;&#1581; &#1575;&#1604;&#1582;&#1586;&#1575;&#1606;&#1577;</subfield></datafield><datafield ind1="1" ind2="0" tag="880"><subfield code="6">245-03/</subfield><subfield code="a">&#1603;&#1578;&#1575;&#1576; &#1575;&#1604;&#1580;&#1605;&#1575;&#1606;&#1577; &#1601;&#1609; &#1588;&#1585;&#1581; &#1575;&#1604;&#1582;&#1586;&#1575;&#1606;&#1577; /</subfield><subfield code="c">&#1578;&#1571;&#1604;&#1610;&#1601; &#1606;&#1575;&#1589;&#1610;&#1601; &#1575;&#1604;&#1610;&#1575;&#1586;&#1580;&#1609; &#1575;&#1604;&#1604;&#1576;&#1606;&#1575;&#1606;&#1609; &#1563; &#1605;&#1582;&#1578;&#1589;&#1585; &#1576;&#1602;&#1604;&#1605; &#1608;&#1604;&#1583;&#1607; &#1575;&#1576;&#1585;&#1575;&#1607;&#1610;&#1605; &#1575;&#1604;&#1610;&#1575;&#1586;&#1580;&#1609; &#1575;&#1604;&#1604;&#1576;&#1606;&#1575;&#1606;&#1609;.</subfield></datafield><datafield ind1=" " ind2=" " tag="880"><subfield code="6">260-04/</subfield><subfield code="a">&#1576;&#1610;&#1585;&#1608;&#1578; :</subfield><subfield code="b">&#1575;&#1604;&#1605;&#1591;&#1576;&#1593;&#1577; &#1575;&#1604;&#1571;&#1583;&#1576;&#1610;&#1577;&#1548;</subfield><subfield code="c">1889.</subfield></datafield><datafield ind1="1" ind2=" " tag="880"><subfield code="6">700-05/</subfield><subfield code="a">&#1610;&#1575;&#1586;&#1580;&#1609;&#1548; &#1575;&#1576;&#1585;&#1575;&#1607;&#1610;&#1605;.</subfield></datafield><datafield ind1=" " ind2=" " tag="959"><subfield code="a">NNU</subfield><subfield code="b">WEB</subfield><subfield code="c">GENI</subfield><subfield code="t">0</subfield><subfield code="m">Electronic access</subfield><subfield code="s">01</subfield></datafield><datafield ind1=" " ind2=" " tag="999"><subfield code="i">NNU_001756710</subfield><subfield code="o" /></datafield></record>